@book{womak:cfg,
    author    = {John E. Hopcroft, Rajeev Motwani, Jeffrey D. Ullman},
    title     = {Automi, linguaggi e calcolabilit√† terza edizione},
    publisher = {Pearson},
    year      = {2018}
}

@online{site:assistant,
	title   = {Assistant: l'assistente virtuale di Google},
	url     = {https://developers.google.com/assistant}
}

@online{site:dialogflow,
	title   = {Dialogflow},
	url     = {https://cloud.google.com/dialogflow/docs}
}

@online{site:alexa,
	title   = {Alexa: l'assistente virtuale di Amazon},
	url     = {https://developer.amazon.com/it-IT/alexa/}
}

@online{site:siri,
	title   = {Siri: l'assistente virtuale di Apple},
	url     = {https://developer.apple.com/siri/}
}

@online{site:alexa-console,
	title   = {Alexa developer console},
	url     = {https://developer.amazon.com/alexa/console/ask}
}

@online{site:kotlin,
	title   = {Linguaggio Kotlin},
	url     = {https://kotlinlang.org/docs/reference/}
}

@online{site:android,
	title   = {Android},
	url     = {https://developer.android.com}
}

@online{site:javascript,
	title   = {Linguaggio ECMAScript 6},
	url     = {https://www.w3schools.com/Js/default.asp}
}

@online{site:html,
	title   = {Linguaggio HTML},
	url     = {https://www.w3schools.com/html/}
}

@online{site:css,
	title   = {Linguaggio CSS},
	url     = {https://www.w3schools.com/css/}
}

@online{site:webstorm,
	title   = {WebStorm},
	url     = {https://www.jetbrains.com/webstorm/}
}

@online{site:android-studio,
	title   = {Android Studio},
	url     = {https://developer.android.com/studio}
}

@online{site:validator,
	title   = {Validatore W3C per HTML},
	url     = {https://validator.w3.org/}
}

@online{site:confronto-assistenti,
	title   = {Articolo di confronto sull'intelligena deli assistenti},
	url     = {https://mashable.com/article/google-assistant-dominates-siri-alexa-research/?europe=true}
}

@online{site:railroad,
	title   = {Diagrammi railroad o diagrammi di sintassi},
	url     = {https://en.wikipedia.org/wiki/Syntax_diagram}
}